<record><leader>00000cas a2200000 a 4500</leader><controlfield tag="001">33064212</controlfield><controlfield tag="007">hd bfu---baat</controlfield><controlfield tag="007">hd afu---bact</controlfield><controlfield tag="008">950830d19051909nbuwr nea     0    0eng d</controlfield><datafield ind1=" " ind2=" " tag="010"><subfield code="a">sn 95070391 </subfield></datafield><datafield ind1=" " ind2=" " tag="040"><subfield code="a">NVG</subfield><subfield code="b">eng</subfield><subfield code="c">NVG</subfield><subfield code="d">OCL</subfield><subfield code="d">OCLCQ</subfield><subfield code="d">OCLCF</subfield><subfield code="d">OCLCO</subfield><subfield code="d">OCLCQ</subfield></datafield><datafield ind1=" " ind2=" " tag="042"><subfield code="a">msc</subfield></datafield><datafield ind1=" " ind2=" " tag="043"><subfield code="a">n-us-nb</subfield></datafield><datafield ind1="0" ind2="0" tag="245"><subfield code="a">Central City record.</subfield></datafield><datafield ind1="1" ind2=" " tag="246"><subfield code="i">Masthead title:</subfield><subfield code="a">Central City record and Central City Democrat</subfield><subfield code="f">Jan. 19-26, 1905</subfield></datafield><datafield ind1=" " ind2=" " tag="260"><subfield code="a">Central City, Merrick County, Neb. :</subfield><subfield code="b">Fitch Bros.,</subfield><subfield code="c">1905-1909.</subfield></datafield><datafield ind1=" " ind2=" " tag="300"><subfield code="a">volumes</subfield></datafield><datafield ind1=" " ind2=" " tag="310"><subfield code="a">Weekly</subfield></datafield><datafield ind1=" " ind2=" " tag="336"><subfield code="a">text</subfield><subfield code="b">txt</subfield><subfield code="2">rdacontent</subfield></datafield><datafield ind1=" " ind2=" " tag="337"><subfield code="a">microform</subfield><subfield code="b">h</subfield><subfield code="2">rdamedia</subfield></datafield><datafield ind1=" " ind2=" " tag="338"><subfield code="a">microfilm reel</subfield><subfield code="b">hd</subfield><subfield code="2">rdacarrier</subfield></datafield><datafield ind1="0" ind2=" " tag="362"><subfield code="a">Vol. 12, no. 34 (Jan. 19, 1905)-v. 19, no. 26 (Nov. 25, 1909).</subfield></datafield><datafield ind1=" " ind2=" " tag="533"><subfield code="a">Microfilm.</subfield><subfield code="m">1905-1909:[Lacks Feb. 1,1906]</subfield><subfield code="b">[Lincoln, Neb. :</subfield><subfield code="c">Nebraska State Historical Society].</subfield><subfield code="e">3 microfilm reels ; 35 mm.</subfield></datafield><datafield ind1=" " ind2="0" tag="651"><subfield code="a">Central City (Neb.)</subfield><subfield code="v">Newspapers.</subfield></datafield><datafield ind1=" " ind2="7" tag="651"><subfield code="a">Nebraska</subfield><subfield code="z">Central City.</subfield><subfield code="2">fast</subfield><subfield code="0">(OCoLC)fst01221310</subfield></datafield><datafield ind1=" " ind2="7" tag="655"><subfield code="a">Newspapers.</subfield><subfield code="2">fast</subfield><subfield code="0">(OCoLC)fst01423814</subfield></datafield><datafield ind1=" " ind2=" " tag="752"><subfield code="a">United States</subfield><subfield code="b">Nebraska</subfield><subfield code="c">Merrick</subfield><subfield code="d">Central City.</subfield></datafield><datafield ind1="0" ind2="0" tag="780"><subfield code="t">Central City Democrat</subfield><subfield code="w">(DLC)sn 95070390</subfield></datafield><datafield ind1="0" ind2="4" tag="785"><subfield code="t">Central City Republican (Central City, Neb.)</subfield><subfield code="w">(DLC)sn 95070392</subfield></datafield><datafield ind1="1" ind2=" " tag="029"><subfield code="a">AU@</subfield><subfield code="b">000011994315</subfield></datafield></record>